<?xml version="1.0" encoding="UTF-8"?>
<record xmlns="http://www.loc.gov/MARC21/slim">
  <leader>03121ntm a22003497a 4500</leader>
  <controlfield tag="001">3748156</controlfield>
  <controlfield tag="005">20111120005900.0</controlfield>
  <controlfield tag="008">090115s1865    xx            000 i eng d</controlfield>
  <datafield tag="033" ind1="0" ind2="0">
    <subfield code="a">18651116</subfield>
  </datafield>
  <datafield tag="035" ind1=" " ind2=" ">
    <subfield code="a">3748156</subfield>
  </datafield>
  <datafield tag="040" ind1=" " ind2=" ">
    <subfield code="a">BRL</subfield>
  </datafield>
  <datafield tag="099" ind1=" " ind2=" ">
    <subfield code="a">Ms.A.1.1 v.6, p.140</subfield>
  </datafield>
  <datafield tag="100" ind1="1" ind2=" ">
    <subfield code="a">Garrison, William Lloyd,</subfield>
    <subfield code="d">1805-1879.</subfield>
  </datafield>
  <datafield tag="245" ind1="1" ind2="0">
    <subfield code="a">[Letter to] Dear Wife</subfield>
    <subfield code="h">[manuscript].</subfield>
  </datafield>
  <datafield tag="260" ind1=" " ind2=" ">
    <subfield code="a">La Porte, [Indiana],</subfield>
    <subfield code="c">Nov. 16, 1865.</subfield>
  </datafield>
  <datafield tag="300" ind1=" " ind2=" ">
    <subfield code="a">1 leaf (6 p.) ;</subfield>
    <subfield code="c">8 x 5 in.</subfield>
  </datafield>
  <datafield tag="500" ind1=" " ind2=" ">
    <subfield code="a">Holograph, signed with initials.</subfield>
  </datafield>
  <datafield tag="500" ind1=" " ind2=" ">
    <subfield code="a">William Lloyd Garrison went on a sightseeing tour of Adrian, Michigan, with Dr. Owen and others. He arrived at Hillsdale, where President Fairfield of the local college invited him to stay at his home. Garrison declined the invitation. Garrison lectured to the students. Garrison writes: &quot;I had a large number of students to hear me at Hillsdale, and spoke two long hours to my dismay when I looked at my watch. But the attention of the audience was fixed and unbroken from beginning to end, and they frequently applauded the sentiments; though my lecture is too serious, as a whole, to make loud applause either proper or desirable.&quot; Garrison left Hillsdale for La Porte, where he was shown the town and the surrounding countryside from the cupola of the new school. Garrison enjoyed the Indian summer weather. He spoke for two hours to a good audience. He complains of hoarseness and fatigue. Garrison writes: &quot;How generous and opportune was our friend M. G. Chapman&apos;s gift to Fanny!&quot; Garrison is leaving for Chicago at 11 a.m.</subfield>
  </datafield>
  <datafield tag="500" ind1=" " ind2=" ">
    <subfield code="a">Includes a clipping (information artifact) from the Hillsdale Standard regarding William Lloyd Garrison&apos;s lecture on Tuesday, Nov. 14th, [1865], in College Chapel, the same lecture that Garrison mentions in his letter dated Nov. 16, 1865. The article has a prediction from Garrison of a &quot;glorious future for our country---now truly free, and for the disenthralled African who shall now begin to rise in the scale of gradual civilization, and reach that moral and intellectual eminence from which we have so long debarred him.&quot; The article concludes with these comments about Garrison&apos;s lecture: &quot;His whole production was interspersed with happy illustrations, and permeated with a vein of powerful logic. At times he as quite eloquent and proved himself an earnest advocate of a cause to which he has devoted all his energy and ability.&quot;</subfield>
  </datafield>
  <datafield tag="510" ind1="4" ind2=" ">
    <subfield code="a">Merrill, Walter M. Letters of William Lloyd Garrison,</subfield>
    <subfield code="c">v.5, no.138.</subfield>
  </datafield>
  <datafield tag="600" ind1="1" ind2="0">
    <subfield code="a">Garrison, William Lloyd,</subfield>
    <subfield code="d">1805-1879</subfield>
    <subfield code="v">Correspondence.</subfield>
  </datafield>
  <datafield tag="600" ind1="1" ind2="0">
    <subfield code="a">Garrison, Helen Eliza,</subfield>
    <subfield code="d">1811-1876</subfield>
    <subfield code="v">Correspondence.</subfield>
  </datafield>
  <datafield tag="600" ind1="1" ind2="0">
    <subfield code="a">Chapman, Mary Gray,</subfield>
    <subfield code="d">1798-1874.</subfield>
  </datafield>
  <datafield tag="600" ind1="1" ind2="0">
    <subfield code="a">Fairfield, Edmund B.</subfield>
    <subfield code="q">(Edmund Burke),</subfield>
    <subfield code="d">1821-1904.</subfield>
  </datafield>
  <datafield tag="600" ind1="1" ind2="0">
    <subfield code="a">Owen, Woodland,</subfield>
    <subfield code="d">b. 1819.</subfield>
  </datafield>
  <datafield tag="650" ind1=" " ind2="0">
    <subfield code="a">Antislavery movements</subfield>
    <subfield code="z">United States</subfield>
    <subfield code="x">History</subfield>
    <subfield code="y">19th century.</subfield>
  </datafield>
  <datafield tag="650" ind1=" " ind2="0">
    <subfield code="a">Abolitionists</subfield>
    <subfield code="z">United States</subfield>
    <subfield code="y">19th century</subfield>
    <subfield code="v">Correspondence.</subfield>
  </datafield>
  <datafield tag="655" ind1=" " ind2="0">
    <subfield code="a">Letters.</subfield>
  </datafield>
  <datafield tag="655" ind1=" " ind2="0">
    <subfield code="a">Manuscripts.</subfield>
  </datafield>
  <datafield tag="700" ind1="1" ind2=" ">
    <subfield code="a">Garrison, Helen Eliza,</subfield>
    <subfield code="d">1811-1876,</subfield>
    <subfield code="e">recipient.</subfield>
  </datafield>
  <datafield tag="830" ind1=" " ind2="0">
    <subfield code="a">William Lloyd Garrison Correspondence (1823-1879)</subfield>
  </datafield>
  <datafield tag="999" ind1=" " ind2=" ">
    <subfield code="a">shots: 8</subfield>
  </datafield>
</record>
